<record><leader>00000cas a2200000 a 4500</leader><controlfield tag="001">707932655</controlfield><controlfield tag="006">m     o  d        </controlfield><controlfield tag="007">cr |||||||||||</controlfield><controlfield tag="008">110321d18881909ksuwr n o     0    0eng c</controlfield><datafield ind1=" " ind2=" " tag="010"><subfield code="a">  2011254031</subfield></datafield><datafield ind1=" " ind2=" " tag="040"><subfield code="a">AANWS</subfield><subfield code="b">eng</subfield><subfield code="c">AANWS</subfield><subfield code="d">CUS</subfield><subfield code="d">OCLCQ</subfield><subfield code="d">OCLCF</subfield><subfield code="d">OCLCO</subfield><subfield code="d">OCLCQ</subfield></datafield><datafield ind1=" " ind2=" " tag="042"><subfield code="a">pcc</subfield></datafield><datafield ind1=" " ind2=" " tag="043"><subfield code="a">n-us-ks</subfield></datafield><datafield ind1="1" ind2="4" tag="050"><subfield code="a">AN</subfield></datafield><datafield ind1="0" ind2=" " tag="130"><subfield code="a">American citizen (Topeka, Kan.)</subfield></datafield><datafield ind1="1" ind2="4" tag="245"><subfield code="a">The American citizen.</subfield></datafield><datafield ind1=" " ind2=" " tag="260"><subfield code="3">1888- :</subfield><subfield code="a">Topeka, Kan. :</subfield><subfield code="b">Waller &amp; Morton</subfield></datafield><datafield ind1="2" ind2=" " tag="260"><subfield code="3">&lt;Jan. 11, 1889&gt;-Jan. 25, 1889 :</subfield><subfield code="a">Kansas City, Kan. :</subfield><subfield code="b">Morton &amp; Co.</subfield></datafield><datafield ind1="2" ind2=" " tag="260"><subfield code="3">Feb. 1, 1889-&lt;Dec. 25, 1903&gt; :</subfield><subfield code="a">Kansas City, Kan. :</subfield><subfield code="b">American Citizen Pub. Co.</subfield></datafield><datafield ind1="3" ind2=" " tag="260"><subfield code="3">&lt;Jan. 27, 1905-&gt; :</subfield><subfield code="a">Kansas City, Kan. :</subfield><subfield code="b">Geo. A. Dudley</subfield></datafield><datafield ind1=" " ind2=" " tag="310"><subfield code="a">Weekly</subfield></datafield><datafield ind1=" " ind2=" " tag="336"><subfield code="a">text</subfield><subfield code="b">txt</subfield><subfield code="2">rdacontent</subfield></datafield><datafield ind1=" " ind2=" " tag="337"><subfield code="a">computer</subfield><subfield code="b">c</subfield><subfield code="2">rdamedia</subfield></datafield><datafield ind1=" " ind2=" " tag="338"><subfield code="a">online resource</subfield><subfield code="b">cr</subfield><subfield code="2">rdacarrier</subfield></datafield><datafield ind1="1" ind2=" " tag="362"><subfield code="a">Began with v. 1, no. 1 (Feb. 23, 1888); ceased in 1909?</subfield></datafield><datafield ind1=" " ind2=" " tag="588"><subfield code="a">Description based on: Vol. II, nos. 26-27 (Jan. 11, 1889); title from PDF masthead (Readex America's Historical Newspapers Web site, viewed Mar. 21, 2011).</subfield></datafield><datafield ind1=" " ind2=" " tag="588"><subfield code="a">Latest issue consulted: Vol. 18, no. 14 (Aug. 2, 1907) (viewed Mar. 21, 2011).</subfield></datafield><datafield ind1=" " ind2="0" tag="650"><subfield code="a">African American newspapers</subfield><subfield code="z">Kansas.</subfield></datafield><datafield ind1=" " ind2="0" tag="650"><subfield code="a">African Americans</subfield><subfield code="z">Kansas</subfield><subfield code="v">Newspapers.</subfield></datafield><datafield ind1=" " ind2="0" tag="651"><subfield code="a">Kansas City (Kan.)</subfield><subfield code="v">Newspapers.</subfield></datafield><datafield ind1=" " ind2="0" tag="651"><subfield code="a">Topeka (Kan.)</subfield><subfield code="v">Newspapers.</subfield></datafield><datafield ind1=" " ind2="7" tag="650"><subfield code="a">African American newspapers.</subfield><subfield code="2">fast</subfield><subfield code="0">(OCoLC)fst00799278</subfield></datafield><datafield ind1=" " ind2="7" tag="650"><subfield code="a">African Americans.</subfield><subfield code="2">fast</subfield><subfield code="0">(OCoLC)fst00799558</subfield></datafield><datafield ind1=" " ind2="7" tag="651"><subfield code="a">Kansas.</subfield><subfield code="2">fast</subfield><subfield code="0">(OCoLC)fst01204323</subfield></datafield><datafield ind1=" " ind2="7" tag="651"><subfield code="a">Kansas</subfield><subfield code="z">Kansas City.</subfield><subfield code="2">fast</subfield><subfield code="0">(OCoLC)fst01214045</subfield></datafield><datafield ind1=" " ind2="7" tag="651"><subfield code="a">Kansas</subfield><subfield code="z">Topeka.</subfield><subfield code="2">fast</subfield><subfield code="0">(OCoLC)fst01207212</subfield></datafield><datafield ind1=" " ind2="7" tag="655"><subfield code="a">Newspapers.</subfield><subfield code="2">fast</subfield><subfield code="0">(OCoLC)fst01423814</subfield></datafield><datafield ind1=" " ind2=" " tag="752"><subfield code="a">United States</subfield><subfield code="b">Kansas</subfield><subfield code="c">Shawnee</subfield><subfield code="d">Topeka.</subfield></datafield><datafield ind1=" " ind2=" " tag="752"><subfield code="a">United States</subfield><subfield code="b">Kansas</subfield><subfield code="c">Wyandotte</subfield><subfield code="d">Kansas City.</subfield></datafield><datafield ind1="0" ind2=" " tag="775"><subfield code="t">Daily American citizen (Kansas City, Kan.)</subfield></datafield><datafield ind1="0" ind2="8" tag="776"><subfield code="i">Microfilm version:</subfield><subfield code="t">American citizen (Topeka, Kan.)</subfield><subfield code="w">(OCoLC)191714304</subfield></datafield><datafield ind1="0" ind2="8" tag="776"><subfield code="i">Print version:</subfield><subfield code="t">American citizen (Topeka, Kan.)</subfield><subfield code="w">(DLC)sn 85032031</subfield><subfield code="w">(OCoLC)12759891</subfield></datafield><datafield ind1="4" ind2="0" tag="856"><subfield code="3">1897-1907</subfield><subfield code="u">http://infoweb.newsbank.com/?db=EANX&amp;s_browseRef=decades/12B764E993DE7CA0/all.xml</subfield></datafield><datafield ind1="4" ind2="0" tag="856"><subfield code="3">Jan.-July 1889</subfield><subfield code="u">http://infoweb.newsbank.com/?db=EANX&amp;s_browseRef=decades/12B970FA90B0B098/all.xml</subfield></datafield></record>